<record><leader>00000cas a2200000 a 4500</leader><controlfield tag="001">33927384</controlfield><controlfield tag="008">951215d18uu1905fluwr ne      0   a0eng c</controlfield><datafield ind1=" " ind2=" " tag="010"><subfield code="a">sn 95047416 </subfield></datafield><datafield ind1=" " ind2=" " tag="040"><subfield code="a">FUG</subfield><subfield code="b">eng</subfield><subfield code="c">FUG</subfield><subfield code="d">OCLCQ</subfield><subfield code="d">FUG</subfield><subfield code="d">DLC</subfield><subfield code="d">OCLCQ</subfield><subfield code="d">OCLCF</subfield></datafield><datafield ind1=" " ind2=" " tag="012"><subfield code="i">9512</subfield></datafield><datafield ind1="1" ind2=" " tag="022"><subfield code="a">2151-5468</subfield><subfield code="l">2151-5468</subfield><subfield code="2">1</subfield></datafield><datafield ind1="1" ind2=" " tag="029"><subfield code="a">AU@</subfield><subfield code="b">000012176138</subfield></datafield><datafield ind1="1" ind2=" " tag="029"><subfield code="a">NZ1</subfield><subfield code="b">16072813</subfield></datafield><datafield ind1=" " ind2=" " tag="042"><subfield code="a">pcc</subfield><subfield code="a">nsdp</subfield></datafield><datafield ind1=" " ind2=" " tag="043"><subfield code="a">n-us-fl</subfield></datafield><datafield ind1="0" ind2="0" tag="050"><subfield code="a">Newspaper</subfield></datafield><datafield ind1=" " ind2="4" tag="222"><subfield code="a">The Weekly Tallahasseean</subfield></datafield><datafield ind1="0" ind2="4" tag="245"><subfield code="a">The Weekly Tallahasseean.</subfield></datafield><datafield ind1="1" ind2="3" tag="246"><subfield code="a">Weekly Tallahasseean and land of flowers</subfield></datafield><datafield ind1=" " ind2=" " tag="260"><subfield code="a">Tallahassee, Fla. :</subfield><subfield code="b">John G. Collins,</subfield><subfield code="c">-1905.</subfield></datafield><datafield ind1=" " ind2=" " tag="300"><subfield code="a">v.</subfield></datafield><datafield ind1=" " ind2=" " tag="310"><subfield code="a">Weekly</subfield></datafield><datafield ind1="0" ind2=" " tag="362"><subfield code="a">-v. 23, no. 47 (Jan. 13, 1905).</subfield></datafield><datafield ind1=" " ind2=" " tag="500"><subfield code="a">Publisher: John C. Trice, &lt;1900&gt;-1905.</subfield></datafield><datafield ind1="1" ind2=" " tag="520"><subfield code="a">The Tallahasseean (FL) [LCCN sn95047414] began publication on June 1, 1885 in Florida's capital city, Tallahassee. Sometime not long thereafter, the newspaper merged with another Tallahassee newspaper, the Land of Flowers [LCCN: sn95047413]. This merged newspaper, edited and published by R. Don McLeod and known as the Weekly Tallahasseean and Land of Flowers [LCCN: sn95047415], is known to have existed by 1886. Sometime between 1888 and 1891, exact dates are not known, the newspaper's title changed to the Weekly Tallahasseean (FL) [LCCN: sn95047416]. A change of hands seems to have occasioned the name change. The Weekly Tallahasseean was published, first, by John G. Collins and, then, by John C. Trice. Some accounts suggest that the Weekly Tallahasseean was continued by the Tallahassee (FL) Weekly Capital [LCCN sn95026134] in 1905. The Tallahassee Weekly Capital, however, had been publishing as early as 1903. In any case the Weekly Tallahasseean appears to have ceased publication in 1905. Because there are several runs of the Weekly Tallahasseean available in Florida libraries is not because Tallahassee was the seat of Florida's state government, it has been quoted copiously in many journal articles and theses. Of particular note is its usefulness in tracking Jim Crow behaviors in the early 20th century. During this period the Black population in Leon County was about 80% and the white supremacists felt threatened. Three works lend themselves to such analyses: Ortiz, Paul. Emancipation Betrayed: The Hidden History of Black Organizing and White Violence from Reconstruction to the Bloody Election of 1920. American Crossroads Series. Berkeley, CA: University of California Press, 2005. Willis, Lee L. The Road to Prohibition: Religion and Political Culture in Middle Florida, 1821-1920. Dissertation. Florida State University, 2006. Kennedy, Arthur. "The Democrat" [Tallahassee newspaper]. Florida Historical Quarterly, Vol. 37, no. 2 (Oct. 1958), pp. 150-155. --E. Kesse, University of Florida Digital Library Center.</subfield></datafield><datafield ind1=" " ind2=" " tag="530"><subfield code="a">Archived issues are available in digital format as part of the Library of Congress Chronicling America online collection.</subfield></datafield><datafield ind1=" " ind2=" " tag="588"><subfield code="a">Description based on: Vol. 11, no. 14 (June 13, 1891).</subfield></datafield><datafield ind1=" " ind2="0" tag="651"><subfield code="a">Tallahassee (Fla.)</subfield><subfield code="v">Newspapers.</subfield></datafield><datafield ind1=" " ind2="0" tag="651"><subfield code="a">Leon County (Fla.)</subfield><subfield code="v">Newspapers.</subfield></datafield><datafield ind1=" " ind2="7" tag="655"><subfield code="a">Newspapers.</subfield><subfield code="2">fast</subfield><subfield code="0">(OCoLC)fst01423814</subfield></datafield><datafield ind1=" " ind2="7" tag="651"><subfield code="a">Florida</subfield><subfield code="z">Leon County.</subfield><subfield code="2">fast</subfield><subfield code="0">(OCoLC)fst01206533</subfield></datafield><datafield ind1=" " ind2="7" tag="651"><subfield code="a">Florida</subfield><subfield code="z">Tallahassee.</subfield><subfield code="2">fast</subfield><subfield code="0">(OCoLC)fst01206534</subfield></datafield><datafield ind1=" " ind2=" " tag="752"><subfield code="a">United States</subfield><subfield code="b">Florida</subfield><subfield code="c">Leon</subfield><subfield code="d">Tallahassee.</subfield></datafield><datafield ind1="0" ind2="0" tag="780"><subfield code="t">Weekly Tallahasseean and land of flowers</subfield><subfield code="w">(DLC)sn 95047415</subfield><subfield code="w">(OCoLC)33927383</subfield></datafield><datafield ind1="0" ind2="4" tag="785"><subfield code="t">Tallahassee weekly capital</subfield><subfield code="w">(DLC)sn 95026134</subfield><subfield code="w">(OCoLC)32848188</subfield></datafield><datafield ind1=" " ind2=" " tag="850"><subfield code="a">FU</subfield></datafield><datafield ind1="4" ind2="1" tag="856"><subfield code="u">http://www.loc.gov/chroniclingamerica/lccn/sn95047416/issues</subfield></datafield></record>